
@book{hansen2022,
  title = {Econometrics},
  author = {Hansen, Bruce E.},
  date = {2022},
  publisher = {{Princeton University Press}},
  location = {{Princeton}},
  abstract = {"An introductory PhD-level textbook for one of the first and most foundational courses every economics graduate student must take"--},
  isbn = {978-0-691-23589-9},
  keywords = {Econometrics}
}

@book{procopio2022,
  title = {Econometria Com {{Simulação}} e {{Visualização}} de {{Dados}}},
  author = {Procópio, Igor},
  date = {2022},
  url = {https://bookdown.org/igorvprocopio/Econometria/},
  urldate = {2022-05-27},
  file = {C\:\\Users\\arthu\\Zotero\\storage\\JWDH46AM\\Econometria.html}
}

@unpublished{kuminoff2020,
  title = {Large {{Sample Inference}}: 2. {{Asymptotic Normality}}},
  shorttitle = {Large {{Sample Inference}}},
  author = {Kuminoff, Nicolai V.},
  date = {2020-08-07},
  url = {https://www.youtube.com/watch?v=dBB_atu-1QM},
  urldate = {2022-06-29},
  abstract = {This video explains the concept of asymptotic normality.},
  venue = {{Arizona State University}}
}



